<?xml version="1.0" encoding="UTF-8"?><collection xmlns="http://www.loc.gov/MARC21/slim"><record><leader>00353nam--2200121-i-4500</leader><controlfield tag="001">000006175</controlfield><controlfield tag="002">20161230</controlfield><controlfield tag="005">20161230201026</controlfield><controlfield tag="008">060222s1000------------r-----000-0-eng-d</controlfield><datafield ind1=" " ind2=" " tag="080"><subfield code="a">5:001.891</subfield></datafield><datafield ind1=" " ind2=" " tag="100"><subfield code="a">Ackoff, Russell L</subfield></datafield><datafield ind1=" " ind2=" " tag="245"><subfield code="a">Scientific method: optimizing applied research decisions</subfield></datafield><datafield ind1=" " ind2=" " tag="260"><subfield code="a">New York, Joohn Wiley And Sons, Inc., 1962 Xii + 464 P</subfield></datafield></record></collection>